1770 3134
57 204 103 256 aur
110 230 122 262 ,
132 183 237 251 diebus
250 201 331 256 ager,
341 201 430 258 quem
439 178 569 245 Annibal
580 177 681 243 castris
691 128 803 241 iniece-

53 284 110 338 rat,
122 262 239 329 venalis
249 270 352 326 Rome
362 260 418 321 suit
431 257 594 334 ,hallaeque
604 255 751 333 subjectus
762 256 805 317 in-

54 343 140 408 venit
151 355 336 412 emptorem.
357 335 461 397 Voluit
472 335 602 397 Annibal
613 354 721 399 contra
730 329 808 421 sidu-

54 421 133 484 ciam
143 413 251 479 imitari
262 464 273 488 ,
284 413 468 491 subjecitque
480 414 659 485 argentarias
671 412 751 475 urbas
762 429 808 472 ta-

53 499 184 573 beruas,
195 511 252 554 nec
263 496 354 555 sector
363 490 506 553 inventus
516 491 558 551 est
570 502 578 542 τ
589 507 622 551 ut
631 491 702 554 scias
714 489 806 553 etiam

53 573 189 650 praesagia
207 568 276 631 fatis
288 564 389 631 suille.
411 566 494 629 Nihil
516 574 613 630 actum
633 586 698 631 erat
717 570 806 630 tanta

54 651 192 725 virtute,
212 665 300 710 tanto
310 646 417 711 favore
426 642 584 708 deorsum.
608 642 757 719 siquidem
766 643 807 708 ab

57 727 201 801 Hispania
210 722 359 787 Asdrubal
376 723 467 785 stater
475 724 632 791 Annibalis
644 740 713 783 cum
724 740 809 783 exer·

56 805 118 868 citu
128 825 213 869 novo
223 850 234 879 ‚
244 802 335 865 novis
344 798 478 876 viribus,
489 800 572 868 nova
584 800 653 869 belli
662 799 744 862 mole
755 817 812 860 ve·

55 882 179 946 aiebat.
199 887 306 942 Acium
317 896 382 941 erat
392 876 621 957 proculdubio,
633 879 709 942 srvit
719 876 767 939 ille
778 876 808 940 se

58 958 229 1021 cumfratre
240 953 379 1027 junxisset
391 966 400 1004 2
421 952 471 1013 sed
480 952 561 1016 huuc
570 973 690 1031 quoque
701 957 809 1017 castra-

58 1049 228 1096 metantem
238 1026 381 1090 Claudzm
392 1035 476 1092 Nero
487 1048 555 1090 cum
566 1032 654 1096 Livio
663 1029 811 1092 Salinato·

57 1130 91 1173 rc
112 1106 245 1172 debellat
265 1152 272 1167 .
305 1112 389 1168 Ncro
408 1104 570 1170 in-ulu'mo
587 1108 679 1172 naliae
698 1104 810 1182 angulo

56 1186 267 1250 summovebat
276 1183 476 1257 Annibalem,
495 1184 597 1249 livius
617 1191 646 1250 m
659 1181 811 1250 diversrffi-

57 1284 139 1331 mam
156 1282 292 1338 partem,
312 1259 345 1323 id
364 1266 406 1325 el't
425 1262 456 1322 m
474 1260 549 1335 ipsas
562 1264 708 1330 nascentis
718 1264 812 1327 Italiae

55 1346 160 1409 fauces
170 1340 250 1414 Agna
262 1356 457 1403 converterat
479 1356 578 1416 tanto,
589 1341 620 1404 id
631 1343 673 1404 est
684 1389 692 1407 ,
704 1342 809 1416 omni,

59 1417 118 1499 qud
130 1414 411 1500 longiffimaltaliau,
422 1387 485 1475 solo
495 1416 716 1489 interjacente.
736 1427 811 1492 Quo

64 1494 213 1562 consilio,
234 1509 292 1563 qua
311 1489 468 1574 celeritate
479 1492 625 1551 Consules
637 1494 731 1554 castra
741 1512 813 1554 con-

58 1567 235 1653 junxerint,
254 1564 506 1639 inopmanterque
516 1564 634 1629 hostem
646 1566 762 1631 collatis
781 1567 815 1630 A·

59 1648 124 1724 gnis
136 1638 376 1719 compresserint,
387 1659 487 1716 neque
495 1638 526 1703 id
534 1642 600 1707 lieri
609 1644 741 1711 Annibal
752 1648 815 1708 sen-

60 1727 148 1800 serit,
166 1718 426 1807 difficiledisluest
448 1730 456 1772 ἰ
476 1717 558 1809 cert&
568 1722 700 1788 Annibal
719 1743 752 1786 re
764 1742 815 1787 co-

59 1803 163 1881 gnita,
184 1807 428 1877 cumproreslum
437 1798 535 1863 sratrrs
546 1822 637 1880 caput
655 1802 694 1866 ad
706 1804 754 1865 sua
766 1821 815 1865 ca-

59 1887 119 1947 stra
129 1876 247 1944 vidisset
268 1894 276 1933 2
296 1884 458 1953 Agnosco,
477 1880 591 1956 inquit,
605 1882 815 1944 infelicitatem

62 1957 258 2028 Carthaginis
271 2000 278 2015 .
289 1962 358 2017 Haec
369 1956 426 2016 suit
436 1956 513 2018 illius
524 1958 591 2031 viri,
603 1980 665 2019 non
676 1959 735 2020 fine
746 1977 815 2030 prae·

64 2034 145 2106 sagio
156 2031 288 2106 quodam
305 2032 358 2093 sati
375 2032 577 2109 imminentis,
598 2035 691 2110 prima
703 2034 817 2098 confes-

63 2110 126 2175 sio.
151 2114 215 2188 lam
225 2127 340 2172 certum
359 2128 425 2171 crat
435 2109 617 2173 Annibalem
627 2115 717 2178 etiam
729 2111 814 2188 ipfius

64 2183 447 2261 confeffionepoffevinci.
467 2185 524 2249 Sed
533 2206 581 2250 tot
591 2210 688 2256 rerum
699 2195 816 2267 prospe-

66 2285 170 2329 rarum
180 2263 290 2329 fiducia'
299 2264 406 2340 plenus
418 2263 522 2338 Popul.
532 2272 660 2335 Roman.
672 2268 772 2343 magni
782 2291 817 2329 κ-

66 2346 206 2407 {limabat
217 2343 405 2428 asperrimum
416 2341 529 2407 hostem
548 2345 579 2407 in
596 2352 644 2412 sua
654 2347 755 2410 Africa
766 2344 818 2407 dc-

67 2419 180 2512 bellare
192 2464 198 2477 .
209 2428 294 2481 Duce
304 2420 391 2492 igitur
401 2420 535 2493 Scipione
545 2426 576 2486 in
587 2428 677 2500 ipsam
688 2424 819 2486 Alritam

67 2514 137 2559 tota
157 2496 239 2557 mole
262 2498 441 2571 conversus,
461 2499 573 2563 imitari
587 2502 818 2578 coepitAnniba-

63 2575 144 2648 lem,
166 2582 193 2636 A·
208 2575 297 2637 Italiae
309 2579 360 2637 suae
371 2576 469 2639 clades
489 2582 521 2641 in
532 2582 632 2645 Africa
644 2580 797 2646 vindicare
809 2625 816 2639 .

64 2660 150 2725 Quas
161 2652 211 2715 ille
231 2651 292 2727 (dii
303 2654 395 2729 boni)
417 2655 587 2722 Asdrubalis
597 2663 721 2736 copias?
743 2676 818 2730 quos

67 2730 208 2819 Syphacis
228 2733 376 2796 exercitus
397 2732 476 2797 fudit
494 2751 505 2798 a
526 2745 605 2813 Quae
629 2742 841 2814 „quamsxffi

70 2813 317 2886 ”musurecaura
335 2814 457 2881 facibus
479 2795 865 2931 illatisun'anoffxtviffigz‘
