1770 3134
248 110 272 174 Ι.
311 114 327 173 Ι
366 111 388 172 Β
428 112 451 171 E
489 112 518 173 R
567 99 623 170 ΙΙ.1
738 111 773 170 61

60 192 150 256 finem
169 186 242 253 belli
260 187 457 260 reposcebat.
472 191 569 251 Hunc
590 177 696 249 Paullo
714 184 814 247 Mace-

59 270 174 333 donico
183 282 388 340 procreatum,
399 262 529 327 Africani
539 261 618 325 illius
627 258 729 336 magni
738 260 815 323 filius

58 348 90 410 in
100 346 194 409 decus
205 341 303 416 gentis
314 340 595 416 assumpseratuoc
607 341 718 404 scilicet
728 337 816 413 fato,

61 443 97 486 ut
107 441 197 498 quam
207 420 312 482 urbem
321 415 509 482 concusserat
519 436 721 492 avus‚nepos
732 434 819 479 evet-

63 517 162 563 teret.
182 493 239 560 Sed
258 493 345 570 quim
363 492 495 560 maximi
513 494 660 559 mortiferi
670 491 727 557 effe
738 512 820 557 mor·

62 580 110 652 sus
130 574 224 638 solent
233 574 427 639 morientium
438 573 620 645 bestiarum,
638 570 678 635 sic
687 570 753 644 plus
763 590 818 635 ne·

37 652 52 681 “
63 652 138 729 gotii
156 653 212 715 fuit
221 669 289 715 cum
298 650 439 717 semiruti
450 649 657 725 Carthagine,
675 647 818 724 qudmin-

64 729 146 805 tegra‘
164 774 171 790 .
192 728 358 803 Compulfis
377 730 408 792 in
426 748 520 792 unam
539 747 640 792 arcem
660 726 817 801 hostibus,

61 826 182 883 portum
201 826 322 895 quoque
339 808 429 872 maris
449 817 606 873 Romanus
628 799 787 869 obsederat
808 838 823 869 ,-

61 886 107 949 Illi
128 886 255 948 alterum
274 885 316 947 ibi
325 903 447 960 portum
457 885 497 946 ab
507 886 564 946 alia
583 883 663 948 urbis
674 882 820 957 partefo-

63 960 195 1038 derunt,
214 979 272 1022 nec
290 979 322 1023 ut
342 963 501 1037 fugerant,
523 960 572 1024 std
582 981 640 1036 qua
650 980 740 1023 nemo
749 961 818 1021 illos

64 1059 126 1127 neq
134 1036 268 1104 evadere
280 1036 362 1126 pofft
372 1030 537 1115 credeban
557 1035 829 1124 indeequafieenatu

62 1117 163 1179 subito
171 1115 265 1202 cloffis
274 1130 390 1188 erupit.
410 1113 686 1191 Tuminterimiam
697 1112 817 1188 diebus,

60 1190 292 1271 jamnotubus,
314 1212 396 1278 novo
417 1193 515 1269 aliqua
525 1193 643 1270 moles,
663 1211 746 1257 nova
755 1210 818 1252 ma-

61 1272 153 1337 china
173 1317 184 1346 ,
201 1288 284 1335 nova
304 1267 492 1357 ptiditorum
512 1271 670 1334 hominum
689 1287 817 1343 manus,

61 1349 142 1427 quafi
162 1366 200 1410 ex
213 1349 327 1412 obruto
344 1347 490 1412 lucendio
508 1349 605 1412 subita
615 1346 655 1412 dt
665 1346 817 1412 cineribus

60 1432 183 1489 flamma
202 1424 371 1497 prodibat.
400 1426 573 1497 Deploratis
595 1422 752 1487 noviffimt}
771 1441 817 1482 re-

61 1504 119 1566 bus
136 1548 147 1576 ‚
166 1498 361 1575 quadraginta
380 1501 409 1560 se
427 1499 518 1559 millia
539 1500 674 1562 virorum
694 1497 817 1561 dedide-

61 1595 154 1653 runt,
173 1574 255 1650 quod
277 1572 374 1638 mimis
395 1572 619 1662 ctedas,-·duco
631 1575 816 1639 Asdrubale.

61 1652 188 1730 Quanto
208 1653 316 1717 fortius
336 1654 457 1717 foemma
475 1659 504 1713 ἃ
524 1672 601 1716 uxor
609 1653 714 1716 ducis?
732 1673 816 1730 quae,

61 1731 284 1805 comprehendo
294 1731 416 1796 duobus
424 1728 816 1807 liberis,dculminesedo-

63 1830 129 1872 mus
149 1809 180 1870 in
190 1808 324 1873 medium
334 1809 409 1872 mifit
418 1808 610 1885 incendium,
631 1812 749 1874 imitata
769 1829 814 1872 re-

61 1889 183 1962 ginam,
202 1886 496 1962 quaeCarthaginem'
510 1885 667 1952 condidit.
688 1897 813 1964 Quanta

60 1965 134 2049 urbs
155 1961 257 2024 deleta
274 1962 309 2026 fit
329 2010 338 2036 ,
356 1983 389 2025 ut
407 1963 446 2025 de
466 1967 582 2027 coeteris
601 1982 742 2040 taceam,
763 1968 813 2030 vel

63 2040 176 2112 ignium
186 2039 510 2115 moroprobaripotest
532 2054 539 2092 τ
559 2040 813 2117 quipptptrcon-

62 2117 166 2179 tinuos
187 2114 293 2180 decem
303 2127 331 2180 8(
344 2121 457 2189 septem
465 2116 589 2183 diesvix
599 2136 699 2193 potuit
709 2123 813 2185 incen-

58 2193 142 2257 dium
160 2194 322 2271 extingui,
344 2192 426 2268 quod
443 2191 582 2280 domibus
600 2245 610 2271 ,
639 2219 674 2263 ac
693 2202 813 2272 templis

58 2274 115 2335 suis
137 2274 240 2346 sponte
251 2273 351 2337 hostes
370 2273 564 2348 immiserant,
586 2294 640 2352 ut,
660 2298 809 2354 quatenus

60 2351 134 2491 urgg
150 2351 227 2490 {trivi
245 2351 394 2421 Romanis
412 2369 473 2419 non
490 2368 613 2427 poterat
631 2355 806 2438 triumphis,

60 2444 94 2490 ar
136 2443 149 2485 r
190 2469 197 2488 .
545 2441 548 2445 ’
653 2472 659 2489 .
