1770 3134
48 200 94 262 sus
103 195 208 270 popul.
219 202 350 259 noman.
361 187 523 261 exploratis
534 185 693 265 diligenter
702 136 798 262 addet:

45 275 145 347 ribus,
165 292 220 346 per
228 264 386 332 Astrudem
403 264 562 353 paludem,
583 288 637 343 per
648 270 798 347 acerbos,

44 351 211 485 dubiosgue
223 344 353 431 tumulus
363 351 391 406 δι
400 342 460 420 iiia,
471 362 531 419 que
542 347 717 411 volucribus
728 369 802 423 quo-

48 447 109 505 que
120 425 152 489 vi
176 422 537 508 ebanturinvia,acceffit
558 436 567 475 τ
587 443 749 500 regemque
760 428 802 488 se-

50 521 175 577 eurum,
188 509 224 563 -&
243 498 317 562 niinl
327 498 386 562 tale
397 516 605 578 metuentem,
625 501 721 566 ntbitt'
733 502 805 567 belli

50 579 219 651 irruptione
228 576 346 650 terruit,
358 576 447 652 cujus·
455 593 542 639 tanta
551 578 713 654 trepidatio
724 578 802 658 fuit,

53 676 88 719 ut
106 655 266 729 pecuniam
284 673 406 718 omnem
414 656 446 715 in
464 673 548 741 mare
565 654 680 733 jufferit
690 658 802 733 mergi,

54 754 94 797 ne
104 734 213 805 periret
234 745 244 785 ²
264 730 547 806 eiaffemcrtman,·
569 754 610 797 ne
627 732 806 797 incendere-

53 832 122 878 tur.
140 810 236 877 Pauio
257 810 387 874 Consule
407 830 477 874 cum
494 809 631 887 majora,
652 820 680 873 δι
701 810 807 875 crebra

53 887 147 955 effent
157 887 295 962 impofita
304 885 435 961 praesrdia
449 933 460 960 ,
480 888 617 960 petaliae
630 892 696 953 vias
707 898 810 953 Mace-

54 964 149 1029 donia
159 962 293 1036 depressa
304 967 366 1038 est,
386 960 497 1025 summai
507 962 629 1036 quidem
648 985 715 1029 arte
726 975 753 1026 8<
764 964 811 1024 in·

55 1042 168 1106 dustria
178 1037 284 1117 ducis,
304 1048 372 1103 euni
383 1042 441 1105 alia
451 1040 603 1116 minatur,
619 1039 677 1104 alia
688 1040 813 1116 irrepis-

54 1118 216 1195 fet=cujus
227 1113 379 1182 adventus
387 1120 447 1194 ipse
458 1119 497 1182 ed
509 1118 650 1182 tetribilis
660 1119 723 1193 regi
732 1119 813 1196 fuit,

55 1216 91 1261 ur
101 1192 241 1260 interesse
252 1215 315 1256 non
326 1198 462 1273 auderet,
473 1194 525 1260 sed
533 1193 668 1271 gerenda
681 1194 809 1260 ducibus

55 1268 356 1340 beliamandaverit.
375 1275 489 1339 Absens
500 1275 681 1349 erguvinus
692 1275 768 1349 fugit
779 1274 813 1336 in

56 1352 171 1430 maria,
180 1351 365 1427 insulamque
375 1351 613 1426 Samothracem,
627 1354 721 1415 fretus
734 1354 813 1415 cele-

57 1431 104 1497 bri
113 1429 276 1503 religione,
287 1431 368 1501 quaii
378 1428 510 1504 templa,
530 1425 814 1502 &araepoffentde-

60 1505 203 1576 sendere,
216 1522 504 1579 quemnecmontes
519 1506 580 1578 sui,
601 1524 658 1566 nec
669 1524 750 1566 arma
760 1526 814 1581 po-

62 1578 200 1648 tuissent.
221 1586 322 1646 Nemo
332 1600 436 1657 regum
446 1580 555 1644 diutius
575 1577 678 1645 amiisae
689 1579 815 1646 fortune

61 1659 279 1727 conscientiam
287 1659 424 1726 retinuit.
453 1658 581 1733 Supplex
593 1679 662 1721 cum
672 1661 816 1725 scriberet

61 1738 100 1805 ad
117 1744 356 1813 Imperatorem,
376 1736 509 1814 abillo,
531 1739 591 1813 qud
613 1737 814 1815 coniurent,

60 1818 379 1892 templo,nomenque
389 1814 516 1891 epistole
527 1832 649 1878 notaret
661 1819 821 1894 suum,re-

62 1915 132 1972 gem
145 1893 280 1957 addidit.
297 1891 356 1958 Sed
375 1915 432 1958 nec
451 1896 642 1958 reverentior
653 1914 745 1967 captae
756 1914 820 1958 ma-

63 1972 178 2053 jestatis
198 1973 272 2032 alius
283 1972 378 2034 Paulo
390 1973 466 2035 fuit.
488 1976 568 2034 Cum
588 1971 618 2031 in
630 1975 823 2048 conspertum

63 2045 193 2113 veniffet
202 2048 313 2121 hostis,
325 2048 355 2108 in
366 2051 509 2125 templum
519 2049 653 2125 recepit,
673 2054 700 2109 u
713 2052 823 2114 convi-

64 2125 122 2190 viis
141 2122 301 2202 adhibuit,
321 2127 490 2202 liberosque
510 2127 666 2190 admonuit
679 2130 764 2204 suos,
787 2148 822 2191 ut

62 2206 237 2282 fortunam,
261 2205 307 2270 cui
319 2207 438 2266 tantum
448 2205 572 2281 liceret,
592 2225 696 2271 revere
766 2227 820 2270 ur.

65 2291 151 2348 Inter
161 2283 381 2357 pulcherrimos
393 2283 474 2345 hunc
484 2287 717 2361 quoquePopui.
758 2305 818 2346 om.

66 2360 303 2446 demacedonia
314 2362 414 2436 duxit,
431 2380 519 2437 atque
528 2361 605 2427 vidrt
616 2364 799 2436 triumphum
812 2380 819 2417 :

67 2451 178 2511 quippe
198 2439 283 2508 euius
304 2441 468 2517 spedacuio
488 2440 621 2502 triduum
631 2441 820 2515 impleverit.

68 2512 183 2602 Primur
194 2513 258 2577 dies
268 2516 348 2593 figna
359 2566 367 2591 ‚
379 2519 572 2596 tabulasque,
585 2520 707 2593 sequens
719 2539 821 2597 arma,

69 2598 271 2681 pecuniasque
280 2598 462 2674 transvexit,
484 2617 592 2660 tertius
604 2598 762 2674 captivos,
783 2598 825 2670 ip-

69 2678 192 2745 iumque
202 2693 303 2749 regem
314 2679 478 2742 attonitum
490 2674 611 2752 adhue,
626 2678 832 2748 tanquam-

70 2751 138 2814 bito
157 2751 239 2817 maio
248 2757 442 2835 stupentem.
463 2753 526 2821 Sed
535 2754 640 2818 muido
649 2739 866 2860 minure&

66 2848 114 2895 um
127 2831 259 2905 uidone
271 2844 415 2919 Popuius
428 2852 621 2989 Rogffiss‘
630 2815 866 2951 WWQQ

80 2954 83 2959 Α
563 2937 576 2974 <
850 2936 854 2941 ’
