1770 3134
87 219 150 265 tem
169 195 326 263 Maffinsssae
344 197 419 261 sines
437 198 607 260 territaret.
627 192 685 259 Sed
697 194 842 261 huicbo·

88 300 129 340 no
140 324 149 350 ,
161 280 303 351 socioque
312 277 372 350 regi
383 274 561 339 favebatur.
584 276 662 335 Cum
673 274 784 336 bellum
792 279 836 338 se-

87 353 246 428 deret‚de
258 353 328 416 belli
338 355 399 416 fine
410 359 570 419 tractatum
582 354 642 414 est.
663 352 839 414 Catoinex-

86 429 190 506 piabili
213 429 286 492 odio
305 429 464 493 delendam
484 430 542 494 esse
553 429 790 503 Carthaginem,
809 435 840 491 Sc

86 525 155 573 cum
165 504 203 570 'de
214 507 274 570 alio
284 509 499 586 consuleretur,
509 507 732 583 pronunciabat
741 505 841 580 Scipio

85 582 193 649 Nafica
203 585 399 661 servandam,
417 605 456 650 ne
465 602 550 649 metu
561 578 665 647 ablato
676 582 786 670 aemulae¹
793 602 841 644 ur-

87 662 135 725 bis
148 662 293 725 luxuriari
302 664 429 728 felicitas
440 664 522 726 urbis
531 661 677 736 inciperet
688 706 695 720 .
707 658 840 723 Medrum

85 745 213 803 Senatus
229 740 343 815 elegit,
369 762 402 805 ut
414 739 840 804 urbstantitmlocomoverr„

83 833 152 879 rur.
173 816 256 881 Nihil
277 818 357 880 enim
375 818 530 895 speciosius
550 813 731 892 videbatur,
747 809 836 891 qurlm

83 888 143 956 esse
155 894 392 978 Carthaginem,
404 917 467 973 qua
476 916 540 958 non
550 893 723 957 timeretur.
742 892 838 966 Igitur

85 969 233 1045 Manilio,
254 973 482 1049 Censorinoque
494 970 695 1045 Consulibus,
707 968 840 1041 Populus

86 1057 244 1113 Romanus
265 1048 410 1123 aggressus
433 1049 667 1124 Carthaginem,
687 1051 737 1122 spe
756 1046 839 1119 pacis

86 1124 200 1202 injecti
219 1121 843 1211 traditamlvolentibusclassemsirbipsu
869 1177 872 1200 ,

85 1220 142 1264 ore
160 1201 243 1263 urbis
263 1199 399 1266 incendit
423 1204 527 1266 .Tltm
547 1202 683 1267 evocatis
705 1201 843 1281 princrpr·¹

84 1281 163 1358 bus,
184 1277 205 1342 fi
226 1278 299 1342 salvi
318 1275 377 1342 esse
395 1278 528 1354 vellent,
550 1297 583 1342 ut
595 1280 758 1351 migrarent
778 1276 842 1341 sini·

87 1358 165 1433 bus,
187 1357 393 1429 imperatum.
414 1356 508 1432 Quod
526 1375 582 1431 pro
602 1356 645 1419 rei
666 1355 841 1419 attrocitate

86 1431 167 1497 adeo
184 1433 375 1509 movitiras3
395 1454 429 1499 ut
440 1453 575 1498 extrema
585 1433 727 1497 mallent.
750 1437 840 1497 Com-

85 1511 238 1587 ploratum
247 1510 337 1587 igitur
347 1509 465 1588 publice
474 1511 684 1586 statim&pari
692 1531 772 1575 voce
783 1510 840 1575 cla-.

86 1609 205 1653 matum
215 1592 267 1664 cst,
278 1587 326 1654 Ad
337 1611 418 1655 arma
440 1606 447 1646 τ
469 1591 598 1664 seditque
609 1590 756 1675 sententia
766 1608 838 1665 quo·

87 1687 149 1742 quo
172 1666 266 1729 modo
287 1669 515 1741 rebellandum,
535 1685 597 1726 non
616 1685 684 1740 quta
697 1670 760 1742 spes
777 1664 832 1727 ulla

90 1745 149 1805 'am
169 1740 326 1816 superess'et
345 1791 354 1818 ,
376 1741 425 1806 sed
444 1743 512 1818 quia
533 1741 660 1816 patriam
670 1747 749 1806 liram
764 1738 834 1826 mal

86 1766 154 1885 lent
163 1819 312 1894 hostium,
326 1814 413 1894 qulm
426 1823 479 1882 suis
488 1820 626 1883 manibus
638 1823 752 1886 everti.
770 1826 832 1905 Qur

86 1896 301 1962 rebellantium
321 1896 410 1959 fuerit
431 1900 532 1975 furor,
554 1898 604 1965 vel
624 1900 694 1965 hinc
714 1896 835 1969 intelligi

87 1977 207 2053 potest,
229 1973 311 2052 quod
321 1977 352 2039 in
372 1980 454 2042 usum
468 2000 553 2045 novae
565 1979 764 2055 claffistec‘ia‚
783 1972 838 2063 do

88 2057 212 2129 musque
232 2053 415 2121 resciderunt
424 2092 434 2136 ‚-
457 2067 483 2120 Sa
503 2058 533 2119 in
554 2078 704 2123 armornm
716 2054 836 2122 officinis

89 2150 196 2196 aurum
212 2137 239 2190 &
251 2150 408 2220 argentum
417 2156 471 2212 pro
481 2155 555 2209 aere,
576 2139 717 2216 ferroque
726 2137 835 2201 confla·

88 2229 155 2297 turn
176 2210 218 2273 est
238 2257 247 2286 ,
267 2230 298 2271 m
318 2230 538 2278 tormentorum
559 2218 679 2283 vincula
696 2231 828 2298 matrona

89 2305 190 2352 crines
209 2288 276 2350 suos
305 2294 523 2355 contulerunt.
555 2298 696 2362 Mancino
725 2290 808 2355 dein(

88 2365 245 2444 Consule,
267 2366 349 2433 terra
368 2417 379 2445 ,
399 2370 530 2444 marique
551 2371 689 2440 fervebat
704 2366 785 2436 obsid

87 2445 199 2534 Operis
211 2463 316 2521 portus
327 2446 479 2522 nudatus,
500 2452 645 2525 &primus
656 2504 666 2533 ‚
677 2462 705 2517 &
716 2454 785 2528 sequ

91 2542 153 2610 jam
164 2541 284 2612 murus,
306 2546 374 2588 eum
385 2544 504 2591 tantum
515 2535 618 2606 Byrsa,
637 2530 718 2609 qnod
729 2549 787 2593 non

90 2622 154 2664 arct
178 2599 373 2678 su1t‚.quas1
404 2604 498 2668 altera
518 2609 622 2672 civitas
654 2609 788 2674 resisteba

90 2682 239 2768 Quamvis
250 2683 412 2756 profligato
432 2684 512 2746 urbis
528 2687 662 2766 excidio,
682 2702 782 2752 tamen

77 2759 145 2842 cale
163 2761 274 2824 Asrrcae
294 2783 413 2828 nomen
424 2763 790 2840 Scinionnmuilelratuh

57 2850 154 2914 rum
173 2842 205 2909 in
231 2845 333 2915 alitum
355 2845 536 2925 Scip'ffiffim
556 2840 818 2983 conuetlffifflz
